@article{Bezanson_Julia_A_fresh_2017,
author = {Bezanson, Jeff and Edelman, Alan and Karpinski, Stefan and Shah, Viral B.},
doi = {10.1137/141000671},
journal = {SIAM Review},
month = sep,
number = {1},
pages = {65--98},
title = {{Julia: A fresh approach to numerical computing}},
volume = {59},
year = {2017}
}

@Book{Wickham2023,
  author    = {Wickham, Hadley and Ã‡etinkaya-Rundel, Mine and Grolemund, Garrett},
  publisher = {O'Reilly Media, Incorporated},
  title     = {R for {D}ata {S}cience: Import, Tidy, Transform, Visualize, and Model Data},
  year      = {2023},
  isbn      = {9781492097402}
}
